% BibTeX Entries
@misc{chu2011baitaplon,
  title        = {BÀI TẬP LỚN HỆ ĐIỀU HÀNH},
  author       = {Chu Đức Lộc and Phạm Quang Toản},
  year         = {2011},
  institution  = {Viện Công nghệ Thông tin và Truyền thông, Đại học Bách Khoa Hà Nội},
  pages        = {15--19},
  note         = {Tài liệu nội bộ},
}